@inproceedings{nguyen2021developing,
  title={Developing a Prescription Recognition System Based on CRAFT and Tesseract},
  author={Nguyen, Trong-Triet and Nguyen, Dat-Vu Vuong and Le, Thanh},
  booktitle={International Conference on Computational Collective Intelligence},
  pages={443--455},
  year={2021},
  organization={Springer}
}


@article{bai2018empirical,
  title={An empirical evaluation of generic convolutional and recurrent networks for sequence modeling},
  author={Bai, Shaojie and Kolter, J Zico and Koltun, Vladlen},
  journal={arXiv preprint arXiv:1803.01271},
  year={2018}
}

@article{ye2014text,
  title={Text detection and recognition in imagery: A survey},
  author={Ye, Qixiang and Doermann, David},
  journal={IEEE transactions on pattern analysis and machine intelligence},
  volume={37},
  number={7},
  pages={1480--1500},
  year={2014},
  publisher={IEEE}
}

@inproceedings{baek2019character,
  title={Character region awareness for text detection},
  author={Baek, Youngmin and Lee, Bado and Han, Dongyoon and Yun, Sangdoo and Lee, Hwalsuk},
  booktitle={Proceedings of the IEEE/CVF Conference on Computer Vision and Pattern Recognition},
  pages={9365--9374},
  year={2019}
}

@inproceedings{tian2016detecting,
  title={Detecting text in natural image with connectionist text proposal network},
  author={Tian, Zhi and Huang, Weilin and He, Tong and He, Pan and Qiao, Yu},
  booktitle={European conference on computer vision},
  pages={56--72},
  year={2016},
  organization={Springer}
}

@inproceedings{thompson2015customised,
  title={Customised OCR correction for historical medical text},
  author={Thompson, Paul and McNaught, John and Ananiadou, Sophia},
  booktitle={2015 Digital Heritage},
  volume={1},
  pages={35--42},
  year={2015},
  organization={IEEE}
}

@article{el2019text,
  title={Text recognition in document images obtained by a smartphone based on deep convolutional and recurrent neural network},
  author={El Bahi, Hassan and Zatni, Abdelkarim},
  journal={Multimedia tools and applications},
  volume={78},
  number={18},
  pages={26453--26481},
  year={2019},
  publisher={Springer}
}
@article{shi2018aster,
  title={Aster: An attentional scene text recognizer with flexible rectification},
  author={Shi, Baoguang and Yang, Mingkun and Wang, Xinggang and Lyu, Pengyuan and Yao, Cong and Bai, Xiang},
  journal={IEEE transactions on pattern analysis and machine intelligence},
  volume={41},
  number={9},
  pages={2035--2048},
  year={2018},
  publisher={IEEE}
}

@inproceedings{smith2007overview,
  title={An overview of the Tesseract OCR engine},
  author={Smith, Ray},
  booktitle={Ninth international conference on document analysis and recognition (ICDAR 2007)},
  volume={2},
  pages={629--633},
  year={2007},
  organization={IEEE}
}
@article{xue2019text,
  title={Text detection and recognition for images of medical laboratory reports with a deep learning approach},
  author={Xue, Wenyuan and Li, Qingyong and Xue, Qiyuan},
  journal={IEEE Access},
  volume={8},
  pages={407--416},
  year={2019},
  publisher={IEEE}
}
@article{nguyen2021survey,
  title={Survey of post-ocr processing approaches},
  author={Nguyen, Thi Tuyet Hai and Jatowt, Adam and Coustaty, Mickael and Doucet, Antoine},
  journal={ACM Computing Surveys (CSUR)},
  volume={54},
  number={6},
  pages={1--37},
  year={2021},
  publisher={ACM New York, NY, USA}
}
@article{karthikeyan2021ocr,
  title={An OCR Post-correction Approach using Deep Learning for Processing Medical Reports},
  author={Karthikeyan, Srinidhi and de Herrera, Alba G Seco and Doctor, Faiyaz and Mirza, Asim},
  journal={IEEE Transactions on Circuits and Systems for Video Technology},
  year={2021},
  publisher={IEEE}
}

@article{liu2019roberta,
  title={Roberta: A robustly optimized bert pretraining approach},
  author={Liu, Yinhan and Ott, Myle and Goyal, Naman and Du, Jingfei and Joshi, Mandar and Chen, Danqi and Levy, Omer and Lewis, Mike and Zettlemoyer, Luke and Stoyanov, Veselin},
  journal={arXiv preprint arXiv:1907.11692},
  year={2019}
}
@inproceedings{schulz2017multi,
  title={Multi-modular domain-tailored OCR post-correction},
  author={Schulz, Sarah and Kuhn, Jonas},
  booktitle={Proceedings of the 2017 Conference on Empirical Methods in Natural Language Processing},
  pages={2716--2726},
  year={2017}
}
@inproceedings{qader2019diagnosis,
  title={Diagnosis of Diseases from Medical Check-up Test Reports Using OCR Technology with BoW and AdaBoost algorithms},
  author={Qader, Wisam A and Ameen, Musa M},
  booktitle={2019 International Engineering Conference (IEC)},
  pages={205--210},
  year={2019},
  organization={IEEE}
}


@inproceedings{rosten2006machine,
  title={Machine learning for high-speed corner detection},
  author={Rosten, Edward and Drummond, Tom},
  booktitle={European conference on computer vision},
  pages={430--443},
  year={2006},
  organization={Springer}
}

@online{drugbank,
  author = {},
  title = {DrugBank},
  url = {https://drugbank.vn/},
}

@online{TCN_architecture,
  author = {Philippe Rémy},
  title = {Keras TCN},
  url = {https://github.com/philipperemy/keras-tcn},
  note = {Accessed: 2021-12-03},
}

@online{TFWatcher,
  author = {Rishit Dagli},
  title = {TF Watcher},
  url = {https://github.com/Rishit-dagli/TF-Watcher},
  note = {Accessed: 2022-01-03},
}

@online{VietOCR,
  author = {pbcquoc},
  title = {VietOCR},
  url = {https://github.com/pbcquoc/vietocr},
  note = {Accessed: 2022-01-05},
}

@online{Levenshtein_distance,
  title = {Levenshtein distance},
  url = {https://en.wikipedia.org/wiki/Levenshtein_distance},
  note = {Accessed: 2022-01-06},
}

@article{day1984efficient,
  title={Efficient algorithms for agglomerative hierarchical clustering methods},
  author={Day, William HE and Edelsbrunner, Herbert},
  journal={Journal of classification},
  volume={1},
  number={1},
  pages={7--24},
  year={1984},
  publisher={Springer}
}
@inproceedings{baek2019wrong,
  title={What is wrong with scene text recognition model comparisons? dataset and model analysis},
  author={Baek, Jeonghun and Kim, Geewook and Lee, Junyeop and Park, Sungrae and Han, Dongyoon and Yun, Sangdoo and Oh, Seong Joon and Lee, Hwalsuk},
  booktitle={Proceedings of the IEEE/CVF international conference on computer vision},
  pages={4715--4723},
  year={2019}
}
@article{impedovo1991optical,
  title={Optical character recognition—a survey},
  author={Impedovo, Sebastiano and Ottaviano, Lorenzo and Occhinegro, Silvia},
  journal={International journal of pattern recognition and artificial intelligence},
  volume={5},
  number={01n02},
  pages={1--24},
  year={1991},
  publisher={World Scientific}
}
@inproceedings{delakis2008text,
  title={text Detection with Convolutional Neural Networks.},
  author={Delakis, Manolis and Garcia, Christophe},
  booktitle={VISAPP (2)},
  pages={290--294},
  year={2008}
}
@article{he2020realtime,
  title={Realtime multi-scale scene text detection with scale-based region proposal network},
  author={He, Wenhao and Zhang, Xu-Yao and Yin, Fei and Luo, Zhenbo and Ogier, Jean-Marc and Liu, Cheng-Lin},
  journal={Pattern Recognition},
  volume={98},
  pages={107026},
  year={2020},
  publisher={Elsevier}
}
@inproceedings{haifeng2020natural,
  title={Natural scene text detection based on YOLO V2 network model},
  author={Haifeng, Dong and Siqi, Han},
  booktitle={journal of physics: conference series},
  volume={1634},
  number={1},
  pages={012013},
  year={2020},
  organization={IOP Publishing}
}
@inproceedings{ye2020textfusenet,
  title={TextFuseNet: Scene Text Detection with Richer Fused Features.},
  author={Ye, Jian and Chen, Zhe and Liu, Juhua and Du, Bo},
  booktitle={IJCAI},
  volume={20},
  pages={516--522},
  year={2020}
}
@inproceedings{zhou2017east,
  title={East: an efficient and accurate scene text detector},
  author={Zhou, Xinyu and Yao, Cong and Wen, He and Wang, Yuzhi and Zhou, Shuchang and He, Weiran and Liang, Jiajun},
  booktitle={Proceedings of the IEEE conference on Computer Vision and Pattern Recognition},
  pages={5551--5560},
  year={2017}
}
@inproceedings{fink2018baseline,
  title={Baseline detection in historical documents using convolutional u-nets},
  author={Fink, Michael and Layer, Thomas and Mackenbrock, Georg and Sprinzl, Michael},
  booktitle={2018 13th IAPR International Workshop on Document Analysis Systems (DAS)},
  pages={37--42},
  year={2018},
  organization={IEEE}
}
@article{zhou2018brief,
  title={A brief introduction to weakly supervised learning},
  author={Zhou, Zhi-Hua},
  journal={National science review},
  volume={5},
  number={1},
  pages={44--53},
  year={2018},
  publisher={Oxford University Press}
}
@article{galassi2020attention,
  title={Attention in natural language processing},
  author={Galassi, Andrea and Lippi, Marco and Torroni, Paolo},
  journal={IEEE Transactions on Neural Networks and Learning Systems},
  volume={32},
  number={10},
  pages={4291--4308},
  year={2020},
  publisher={IEEE}
}
@inproceedings{gillioz2020overview,
  title={Overview of the Transformer-based Models for NLP Tasks},
  author={Gillioz, Anthony and Casas, Jacky and Mugellini, Elena and Abou Khaled, Omar},
  booktitle={2020 15th Conference on Computer Science and Information Systems (FedCSIS)},
  pages={179--183},
  year={2020},
  organization={IEEE}
}
